<record>
  <leader>01312nem a2200277   4500</leader>
  <controlfield tag="001">991000118639702696</controlfield>
  <controlfield tag="005">20170313103044.0</controlfield>
  <controlfield tag="008">090830s1887    sz        a   r 0   gsw c</controlfield>
  <datafield tag="035" ind1=" " ind2=" ">
    <subfield code="a">(IL-JeALB)13296-972ai_inst</subfield>
  </datafield>
  <datafield tag="035" ind1=" " ind2=" ">
    <subfield code="a">13296</subfield>
    <subfield code="9">ExL</subfield>
  </datafield>
  <datafield tag="100" ind1="1" ind2=" ">
    <subfield code="a">Pestalozzi-Pfyffer, E</subfield>
  </datafield>
  <datafield tag="245" ind1="1" ind2="0">
    <subfield code="a">Exkursionskarte von Jerusalem und Mittel Judäa</subfield>
  </datafield>
  <datafield tag="255" ind1=" " ind2=" ">
    <subfield code="a">Scale 1:100,000</subfield>
  </datafield>
  <datafield tag="260" ind1=" " ind2=" ">
    <subfield code="a">Bern :</subfield>
    <subfield code="b">Kümmerley und Frey,</subfield>
    <subfield code="c">1877</subfield>
  </datafield>
  <datafield tag="300" ind1=" " ind2=" ">
    <subfield code="a">1 map on 1 sheet. 2 copies. ;</subfield>
    <subfield code="c">54.5 x 46.5 cm. on sheet 59 x 52 cm.</subfield>
  </datafield>
  <datafield tag="500" ind1=" " ind2=" ">
    <subfield code="a">'herausgegeben von [published by] Dr. E. Pesalozzi-Pfyffer von Zürich.'</subfield>
  </datafield>
  <datafield tag="500" ind1=" " ind2=" ">
    <subfield code="a">'bearbeitet von Ingen. [edited by Engineer] Prof. F. Becker in Zürich und Prof. Dr. G. Dalman in Jerusalem.'</subfield>
  </datafield>
  <datafield tag="500" ind1=" " ind2=" ">
    <subfield code="a">'Nach den Aufnahmen des engl. [Based on photographs of the English] Palestine Exploration Fund 1872-1877 und eigener Bereisung [and own travels].'</subfield>
  </datafield>
  <datafield tag="500" ind1=" " ind2=" ">
    <subfield code="a">'Lithographie u. Druck von [Lithography and printing by] Kümmerley &amp; Frey, Geograph. artist. Anstalt [geographical artistic studio] in Bern.'</subfield>
  </datafield>
  <datafield tag="546" ind1=" " ind2=" ">
    <subfield code="a">Schrift-Deutsch [form of German spoken in Switzerland].</subfield>
  </datafield>
  <datafield tag="651" ind1=" " ind2="0">
    <subfield code="a">Asia</subfield>
    <subfield code="z">Middle East</subfield>
    <subfield code="z">Palestine</subfield>
    <subfield code="v">Maps.</subfield>
  </datafield>
  <datafield tag="700" ind1="1" ind2=" ">
    <subfield code="a">Becker, E.</subfield>
    <subfield code="e">ed.</subfield>
  </datafield>
  <datafield tag="700" ind1="1" ind2=" ">
    <subfield code="a">Dalman, G.</subfield>
    <subfield code="e">ed.</subfield>
  </datafield>
  <datafield tag="949" ind1=" " ind2=" ">
    <subfield code="a">MAPS 23-77-1</subfield>
  </datafield>
  <datafield tag="951" ind1=" " ind2=" ">
    <subfield code="a">380 (c. 1), 83 (c. 2).</subfield>
  </datafield>
  <datafield tag="999" ind1=" " ind2=" ">
    <subfield code="a">MAP</subfield>
  </datafield>
</record>
